@article{Takada1995,
author = {Takada, Takenori},
file = {:Users/karthik/Documents/Work/Reference/Mendeley Desktop/Takada - 1995 - Evolution of Semelparous and Iteroparous Perennial Plants Comparison between the Density-independent and Density-dependent Dynamics.pdf:pdf},
journal = {Journal of Theoretical Biology},
pages = {51--60},
title = {{Evolution of Semelparous and Iteroparous Perennial Plants: Comparison between the Density-independent and Density-dependent Dynamics}},
volume = {173},
year = {1995}
}
